%%%%%%%%%%%%%%%%%%%%%%%%%%%%%%%%%%%%%%%%%%%%%%%%%%%%%%%%%%%%%%%%%%%%%%%%%%%%%%%%
%%
%% Список литературы
%%
%%%%%%%%%%%%%%%%%%%%%%%%%%%%%%%%%%%%%%%%%%%%%%%%%%%%%%%%%%%%%%%%%%%%%%%%%%%%%%%%

@article{lomakina2016testirovanie,
  title={Тестирование программных систем на основе компьютерной алгебры},
  author={Ломакина, Л. and Вигура, А.},
  journal={Международный журнал экспериментального образования},
  year={2016},
  publisher={Общество с ограниченной ответственностью Издательский Дом Академия},
  language = {russian},
}

@online{instrumentiruieto,
	title = {Инструментируй это},
	organization = {Avito},
	url = {https://wsd.events/2015/10/31/pres/instrument-this.pdf},
	urldate = {14.04.2020},
	language = {russian},
}

@online{reviewGCCGcov,
	title = {Gcov (Using the GNU Compiler Collection (GCC))},
	organization = {Free Software Foundation, Inc},
	url = {https://gcc.gnu.org/onlinedocs/gcc/Gcov.html},
	urldate = {14.04.2020},
	language = {russian},
}

@online{reviewGCC,
	title = {GCC, the GNU Compiler Collection},
	organization = {Free Software Foundation, Inc},
	url = {https://gcc.gnu.org/},
	urldate = {14.04.2020},
	language = {russian},
}

@online{reviewCTC,
	title = {Testwell CTC++ Description},
	organization = {Testwell},
	url = {http://www.testwell.fi/ctcdesc.html},
	urldate = {14.04.2020},
	language = {russian},
}

@online{reviewBullseyeCoverage,
	title = {BullseyeCoverage Measurement Technique},
	organization = {Bullseye Testing Technology},
	url = {https://bullseye.com/measurementTechnique.html},
	urldate = {14.04.2020},
	language = {russian},
}

@online{reviewWTF,
	title = {Instrumenting Code with tracing-framework by Google},
	organization = {Google, Inc},
	url = {https://google.github.io/tracing-framework/instrumenting-code.html},
	urldate = {14.04.2020},
	language = {russian},
}

@online{reviewFrog,
	title = {Squish Coco 4.3.2},
	organization = {Froglogic GmbH},
	url = {https://doc.froglogic.com/squish-coco/latest/squishcoco.pdf},
	urldate = {14.04.2020},
	language = {russian},
}

@book{java-book,
	title={Программирование на Java},
	author={Нимейер, П. and Леук, Д.},
	isbn={9785457661004},
	url={https://books.google.ru/books?id=zVpUBQAAQBAJ},
	year={2014},
	publisher={Эксмо},
	language = {russian},
}

@online{ANTLR,
	title = {ANTLR},
	organization = {Веб-сайт проекта ANTLR},
	url = {http://www.antlr.org/},
	urldate = {18.06.2015},
	language = {russian},
}

%%%%%%%%%%%%%%%%%%%%%%%%%%%%%%%%%%%%%%%%%%%%%%%%%%%%%%%%%%%%%%%%%%%%%%%%%%%%%%%%
